@book{salsa2016partial,
  title={Partial differential equations in action: from modelling to theory},
  author={Salsa, Sandro},
  volume={99},
  year={2016},
  publisher={Springer}
}

@book{salsa2016equazioni,
	title={Equazioni a derivate parziali: Metodi, modelli e applicazioni},
	author={Salsa, Sandro},
	volume={98},
	year={2016},
	publisher={Springer}
}

@book{bramanti2008analisi,
	title={Analisi matematica 2},
	author={Bramanti, Marco and Pagani, Carlo Domenico and Salsa, Sandro},
	volume={1},
	year={2008},
	publisher={Zanichelli}
}

@book{brezis2010functional,
	title={Functional analysis, Sobolev spaces and partial differential equations},
	author={Brezis, Haim},
	year={2010},
	publisher={Springer Science \& Business Media}
}

@book{kittel2005introduction,
	title={Introduction to solid state physics},
	author={Kittel, Charles},
	year={2005},
	publisher={Wiley}
}

@misc{kittel1998thermal,
	title={Thermal physics},
	author={Kittel, Charles and Kroemer, Herbert},
	year={1998},
	publisher={AAPT}
}

@book{simon2013oxford,
  title={The Oxford solid state basics},
  author={Simon, Steven H},
  year={2013},
  publisher={OUP Oxford}
}

@book{evansPDE,
  	subject = {Mathematics },
	title =      {Partial Differential Equations},
	author =      {Lawrence C. Evans},
	size =    {4982573},
	type =   {djvu},
	isbn = {},
	edition = {},
	volume =    {},
	md5 = {6D9DF85A10396346D4CD5261DEE06AC4},
	url =       {5000/6d9df85a10396346d4cd5261dee06ac4}
}

@incollection{do2017differential,
  title={Differential Geometry},
  author={Do Carmo, Manfredo P and Fischer, Gerd and Pinkall, Ulrich and Reckziegel, Helmut},
  booktitle={Mathematical Models},
  pages={155--180},
  year={2017},
  publisher={Springer}
}

@book{hou1997differential,
  title={Differential geometry for physicists},
  author={Hou, Bo-Yu and Hou, Bo-Yuan},
  volume={6},
  year={1997},
  publisher={World Scientific Publishing Co Inc}
}

@book{baldi2007calcolo,
  title={Calcolo delle probabilita},
  author={Baldi, Paolo},
  year={2007},
  publisher={McGraw-Hill}
}

@book{beichelt2006stochastic,
  title={Stochastic processes in science, engineering and finance},
  author={Beichelt, Frank},
  year={2006},
  publisher={CRC Press}
}

@incollection{do1994differential,
  title={Differential geometry of surfaces},
  author={Do Carmo, Manfredo P},
  booktitle={Differential forms and applications},
  pages={77--98},
  year={1994},
  publisher={Springer}
}

@book{book:geometricalMethods,
    title = {Geometrical methods of mathematical physics},
    author = {Bernard F. Schutz},
    isbn = {},
    edition = {},
    volume =    {},
    url =       {}
}
